@article{bb84,
      author         = "Bennett, C.H. and Brassard, G",
      title          = "{Quantum cryptography: Public key distribution and coin tossing}",
      journal        = "{Proceedings of IEEE International Conference on Computers, Systems and Signal Processing}",
      volume         = "175",
      year           = "1984",
}

@article{doi:10.1080/14786440109462664,
	author = { Right. Hon.   Lord   Kelvin   G.C.V.O.   D.C.L.   LL.D.   F.R.S.   M.R.I. },
	title = {I. Nineteenth century clouds over the dynamical theory of heat and light},
	journal = {The London, Edinburgh, and Dublin Philosophical Magazine and Journal of Science},
	volume = {2},
	number = {7},
	pages = {1-40},
	year  = {1901},
	publisher = {Taylor & Francis},
	doi = {10.1080/14786440109462664},
	URL = { https://doi.org/10.1080/14786440109462664},
	eprint = {https://doi.org/10.1080/14786440109462664}
}